
@book
{nlp_p,
author={Steven Bird, Ewan Klein, Edward Loper},
title={Natural Language Processing with Python},
year={2009},
isbn={978-0-596-51649-9}
}

@misc
{ir_web,
author={Christopher D. Manning, Prabhakar Raghavan, Hinrich Sch√ºtze},
title={Information Retrieval},
url={http://nlp.stanford.edu/IR-book/html/htmledition/contents-1.html}
}